<?xml version="1.0" encoding="UTF-8"?><collection xmlns="http://www.loc.gov/MARC21/slim"><record><leader>00469nam--2200169-i-4500</leader><controlfield tag="001">000015787</controlfield><controlfield tag="002">20161230</controlfield><controlfield tag="005">20170127223021</controlfield><controlfield tag="008">060222s1000------------r-----000-0-eng-d</controlfield><datafield ind1=" " ind2=" " tag="080"><subfield code="a">061.62(540):001.891:621.039</subfield></datafield><datafield ind1=" " ind2=" " tag="245"><subfield code="a">Biennial activity report of reactor engineering laboratory 1983 &amp; 1984</subfield></datafield><datafield ind1=" " ind2=" " tag="260"><subfield code="a">Kalpakkam</subfield><subfield code="b">Department Of Atomic Energy</subfield><subfield code="c">1986</subfield></datafield><datafield ind1=" " ind2=" " tag="300"><subfield code="a">95 p</subfield></datafield><datafield ind1=" " ind2=" " tag="490"><subfield code="a">Igc</subfield></datafield><datafield ind1=" " ind2=" " tag="700"><subfield code="a">Prahlad, B</subfield></datafield><datafield ind1=" " ind2=" " tag="852"><subfield code="a">73709</subfield></datafield><datafield ind1=" " ind2=" " tag="CAT"><subfield code="a">SYS</subfield><subfield code="c">20170127</subfield><subfield code="h">223021</subfield></datafield></record></collection>